@article{rusu2015policy,
  title={Policy distillation},
  author={Rusu, Andrei A and Colmenarejo, Sergio Gomez and Gulcehre, Caglar and Desjardins, Guillaume and Kirkpatrick, James and Pascanu, Razvan and Mnih, Volodymyr and Kavukcuoglu, Koray and Hadsell, Raia},
  journal={arXiv preprint arXiv:1511.06295},
  year={2015}
}
@article{tseng2022offline,
  title={Offline Multi-Agent Reinforcement Learning with Knowledge Distillation},
  author={Tseng, Wei-Cheng and Wang, Tsun-Hsuan Johnson and Lin, Yen-Chen and Isola, Phillip},
  journal={Advances in Neural Information Processing Systems},
  volume={35},
  pages={226--237},
  year={2022}
}
@inproceedings{xing2021domain,
  title={Domain adaptation in reinforcement learning via latent unified state representation},
  author={Xing, Jinwei and Nagata, Takashi and Chen, Kexin and Zou, Xinyun and Neftci, Emre and Krichmar, Jeffrey L},
  booktitle={Proceedings of the AAAI Conference on Artificial Intelligence},
  volume={35},
  pages={10452--10459},
  year={2021}
}
@article{eysenbach2020off,
  title={Off-dynamics reinforcement learning: Training for transfer with domain classifiers},
  author={Eysenbach, Benjamin and Asawa, Swapnil and Chaudhari, Shreyas and Levine, Sergey and Salakhutdinov, Ruslan},
  journal={arXiv preprint arXiv:2006.13916},
  year={2020}
}
@article{lee2022multi,
  title={Multi-game decision transformers},
  author={Lee, Kuang-Huei and Nachum, Ofir and Yang, Mengjiao Sherry and Lee, Lisa and Freeman, Daniel and Guadarrama, Sergio and Fischer, Ian and Xu, Winnie and Jang, Eric and Michalewski, Henryk and others},
  journal={Advances in Neural Information Processing Systems},
  volume={35},
  pages={27921--27936},
  year={2022}
}
@article{xu2023hyper,
  title={Hyper-decision transformer for efficient online policy adaptation},
  author={Xu, Mengdi and Lu, Yuchen and Shen, Yikang and Zhang, Shun and Zhao, Ding and Gan, Chuang},
  journal={arXiv preprint arXiv:2304.08487},
  year={2023}
}
@article{chen2021decision,
  title={Decision transformer: Reinforcement learning via sequence modeling},
  author={Chen, Lili and Lu, Kevin and Rajeswaran, Aravind and Lee, Kimin and Grover, Aditya and Laskin, Misha and Abbeel, Pieter and Srinivas, Aravind and Mordatch, Igor},
  journal={Advances in neural information processing systems},
  volume={34},
  pages={15084--15097},
  year={2021}
}
@article{meng2021offline,
  title={Offline pre-trained multi-agent decision transformer: One big sequence model tackles all smac tasks},
  author={Meng, Linghui and Wen, Muning and Yang, Yaodong and Le, Chenyang and Li, Xiyun and Zhang, Weinan and Wen, Ying and Zhang, Haifeng and Wang, Jun and Xu, Bo},
  journal={arXiv e-prints},
  pages={arXiv--2112},
  year={2021}
}
@article{furuta2021generalized,
  title={Generalized decision transformer for offline hindsight information matching},
  author={Furuta, Hiroki and Matsuo, Yutaka and Gu, Shixiang Shane},
  journal={arXiv preprint arXiv:2111.10364},
  year={2021}
}
@article{vaswani2017attention,
  title={Attention is all you need},
  author={Vaswani, Ashish and Shazeer, Noam and Parmar, Niki and Uszkoreit, Jakob and Jones, Llion and Gomez, Aidan N and Kaiser, {\L}ukasz and Polosukhin, Illia},
  journal={Advances in neural information processing systems},
  volume={30},
  year={2017}
}
@inproceedings{zheng2022online,
  title={Online decision transformer},
  author={Zheng, Qinqing and Zhang, Amy and Grover, Aditya},
  booktitle={International Conference on Machine Learning},
  pages={27042--27059},
  year={2022},
  organization={PMLR}
}
@article{dosovitskiy2020image,
  title={An image is worth 16x16 words: Transformers for image recognition at scale},
  author={Dosovitskiy, Alexey and Beyer, Lucas and Kolesnikov, Alexander and Weissenborn, Dirk and Zhai, Xiaohua and Unterthiner, Thomas and Dehghani, Mostafa and Minderer, Matthias and Heigold, Georg and Gelly, Sylvain and others},
  journal={arXiv preprint arXiv:2010.11929},
  year={2020}
}
@article{levine2020offline,
  title={Offline reinforcement learning: Tutorial, review, and perspectives on open problems},
  author={Levine, Sergey and Kumar, Aviral and Tucker, George and Fu, Justin},
  journal={arXiv preprint arXiv:2005.01643},
  year={2020}
}
@article{pan2010survey,
  title={A survey on transfer learning},
  author={Pan, Sinno Jialin and Yang, Qiang},
  journal={IEEE Transactions on knowledge and data engineering},
  volume={22},
  number={10},
  pages={1345--1359},
  year={2010},
  publisher={IEEE}
}
@article{zhuang2020comprehensive,
  title={A comprehensive survey on transfer learning},
  author={Zhuang, Fuzhen and Qi, Zhiyuan and Duan, Keyu and Xi, Dongbo and Zhu, Yongchun and Zhu, Hengshu and Xiong, Hui and He, Qing},
  journal={Proceedings of the IEEE},
  volume={109},
  number={1},
  pages={43--76},
  year={2020},
  publisher={IEEE}
}
@article{taylor2009transfer,
  title={Transfer learning for reinforcement learning domains: A survey.},
  author={Taylor, Matthew E and Stone, Peter},
  journal={Journal of Machine Learning Research},
  volume={10},
  number={7},
  year={2009}
}
@misc{mujoco,
  title = {MuJoCo},
  author = {OpenAI},
  year = {2023},
  url = {https://www.gymlibrary.dev/environments/mujoco/},
  note = {Accessed: Apr 1, 2023}
}
@inproceedings{houlsby2019parameter,
  title={Parameter-efficient transfer learning for NLP},
  author={Houlsby, Neil and Giurgiu, Andrei and Jastrzebski, Stanislaw and Morrone, Bruna and De Laroussilhe, Quentin and Gesmundo, Andrea and Attariyan, Mona and Gelly, Sylvain},
  booktitle={International Conference on Machine Learning},
  pages={2790--2799},
  year={2019},
  organization={PMLR}
}